@INPROCEEDINGS{blockchain1,  author={Nair, P. Rajitha and Dorai, D. Ramya},  booktitle={2021 Third International Conference on Intelligent Communication Technologies and Virtual Mobile Networks (ICICV)},   title={Evaluation of Performance and Security of Proof of Work and Proof of Stake using Blockchain},   year={2021},  volume={},  number={},  pages={279-283},  doi={10.1109/ICICV50876.2021.9388487}}


@inproceedings{cardano-ouroboros,
  title={Ouroboros: A provably secure proof-of-stake blockchain protocol},
  author={Kiayias, Aggelos and Russell, Alexander and David, Bernardo and Oliynykov, Roman},
  booktitle={Annual International Cryptology Conference},
  pages={357--388},
  year={2017},
  organization={Springer}
}

@misc{cardanoenergy,
  title={Blockchain protocols and their energy footprint},
  author={ADAN},
  howpublished    = "[\url{https://adan.eu/en/article/blockchain-protocol-energy-footprint}, 20.10.2021]"
}

@INPROCEEDINGS{51attack,
  author={Ye, Congcong and Li, Guoqiang and Cai, Hongming and Gu, Yonggen and Fukuda, Akira},
  booktitle={2018 5th International Conference on Dependable Systems and Their Applications (DSA)}, 
  title={Analysis of Security in Blockchain: Case Study in 51\%-Attack Detecting}, 
  year={2018},
  volume={},
  number={},
  pages={15-24},
  doi={10.1109/DSA.2018.00015}}

@misc{chiaspaceusage,
  title={Chia explorer},
  author={Chia Network Inc.},
  howpublished    = "[\url{https://www.chiaexplorer.com/}, 3.12.2021]"
}


% Diginomistin loistava Bitcoin-energiaindeksi, joka kertoo Bitcoinin energiakulutuksen ja vertailee sitä reaalimaailman asioihin
% https://digiconomist.net/bitcoin-energy-consumption/
@misc{bitcoinenergy,
  title={Bitcoin Energy Consumption Index},
  author={Digiconomist},
  howpublished    = "[\url{https://digiconomist.net/bitcoin-energy-consumption/}, 4.12.2021]"
}

% Diginomistin loistava energiaindeksi Ethereumista
% https://digiconomist.net/ethereum-energy-consumption/
@misc{ethereumenergy,
  title={Ethereum Energy Consumption Index},
  author={Digiconomist},
  howpublished    = "[\url{https://digiconomist.net/ethereum-energy-consumption/}, 4.12.2021]"
}

@misc{chiaseagate1,
  title={Chia space crypto-mining puts Seagate disk drive revenues in a spin},
  author={Block & Files},
  howpublished    = "[\url{https://blocksandfiles.com/2021/06/09/chia-space-crypto-mining-puts-seagate-disk-drive-revenues-in-a-spin/}, 09.06.2021]"
}

@misc{chiaseagate2,
  title={Seagate and Western Digital increase HDD production as Chia sends sales skyrocketing},
  author={Block & Files},
  howpublished    = "[\url{https://www.techspot.com/news/90008-chia-causes-hdds-sales-skyrocket-forcing-seagate-wd.html}, 10.06.2021]"
}

@misc{cardanowhitepaper,
  title={Why are we building Cardano (Cardano Whitepaper)},
  author={Charles Hoskinson},
  year={2017},
  howpublished    = "[\url{https://whitepaper.io/document/581/cardano-whitepaper}, 20.10.2021]"
}

@inproceedings{algorandwhitepaper,
  title={Algorand: Scaling byzantine agreements for cryptocurrencies},
  author={Gilad, Yossi and Hemo, Rotem and Micali, Silvio and Vlachos, Georgios and Zeldovich, Nickolai},
  booktitle={Proceedings of the 26th symposium on operating systems principles},
  pages={51--68},
  year={2017}
}

% Algorandin energiankulutus heidän oman tutkimuksensa mukaan
% https://www.algorand.com/resources/blog/sustainable-blockchain-calculating-the-carbon-footprint
@misc{algorandenergy,   
  title={Sustainable Blockchain: Estimating the Carbon Footprint of Algorand’s Pure Proof-of-Stake},
  author={Algorand Inc.},
  howpublished    = "[\url{https://www.algorand.com/resources/blog/sustainable-blockchain-calculating-the-carbon-footprint}, 20.10.2021]"
}

% Algorandin energiankulutus heidän oman tutkimuksensa mukaan
% https://metrics.algorand.org/
@misc{algorand-tps-nodes-etc,   
  title={Algorand Mainnet Metrics},
  author={Algorand Inc.},
  howpublished    = "[\url{https://metrics.algorand.org/}, 12.12.2021]"
}

@article{algorandtech,
  title={Algorand: A secure and efficient distributed ledger},
  author={Chen, Jing and Micali, Silvio},
  journal={Theoretical Computer Science},
  volume={777},
  pages={155--183},
  year={2019},
  publisher={Elsevier}
}

@misc{iohk,
  title={About Input Output - IOHK},
  author={IOHK},
  howpublished    = "[\url{https://iohk.io/en/about/}, 20.10.2021]"
}

@misc{chiaenergy,
  title={Chia Power - Estimate of total energy consumption in the Chia network},
  author={Chia Network Inc},
  howpublished    = "[\url{https://chiapower.org/}, 20.10.2021]"
}

@misc{eth2.0,
  title={Upgrading Ethereum to radical new heights},
  author={Ethereum Foundation},
  howpublished    = "[\url{https://ethereum.org/en/eth2/}, 3.12.2021]"
}

% Ethereumin TPS:n löytyy etherscan.io osoitteesta, joka kätevästi ilmoittaa TPS:n etusivullaan
% https://etherscan.io/
@misc{ethereum-tps,
  title={The Ethereum Blockchain Explorer},
  author={Etherscan},
  howpublished    = "[\url{https://etherscan.io/}, 3.12.2021]"
}

@misc{buterin2017ethereum,
  title={Ethereum: a next generation smart contract and decentralized application platform (2013)},
  author={Buterin, Vitalik and others},
  howpublished    = "[\url{https://ethereum.org/en/whitepaper/}, 20.10.2021]"
}

@INPROCEEDINGS{pos1,  author={Ko, Seoyoung and Fan, Xinxin and Zhong, Zhi and Chai, Qi},  booktitle={2020 Second International Conference on Blockchain Computing and Applications (BCCA)},   title={EMS: An Extensible and Modular Staking Architecture for Proof-of-Stake Systems},   year={2020},  volume={},  number={},  pages={122-128},  doi={10.1109/BCCA50787.2020.9274464}}

@INPROCEEDINGS{manufacturingcarbon1,  author={TALENS PEIRO Laura, ARDENTE Fulvio},  booktitle={},   title={Environmental Footprint and Material Efficiency Support for product policy - Analysis of material efficiency requirements of enterprise servers},   year={2015},  volume={},  number={},  pages={},  doi={10.2788/409022}}

@INPROCEEDINGS{bitcoinenergy1,  author={Rusovs, Dmitrijs and Jaundālders, Sigurds and Stanka, Pēteris},  booktitle={2018 IEEE 59th International Scientific Conference on Power and Electrical Engineering of Riga Technical University (RTUCON)},   title={BLOCKCHAIN MINING OF CRYPTOCURRENCIES AS CHALLENGE AND OPPORTUNITY FOR RENEWABLE ENERGY},   year={2018},  volume={},  number={},  pages={1-5},  doi={10.1109/RTUCON.2018.8659867}}

@misc{pospchia1,
  title={The chia network blockchain},
  author={Cohen, Bram and Pietrzak, Krzysztof},
  year={2019}
}


@misc{chia1,
  title={Chia Business Whitepaper 2021},
  author={Bram Cohen, Chia Network Inc.},
  howpublished    = "[\url{https://www.chia.net/assets/Chia-Business-Whitepaper-2021-02-09-v1.0.pdf}, 20.10.2021]"
}

@InProceedings{posp2,
author="Ren, Ling
and Devadas, Srinivas",
editor="Hirt, Martin
and Smith, Adam",
title="Proof of Space from Stacked Expanders",
booktitle="Theory of Cryptography",
year="2016",
publisher="Springer Berlin Heidelberg",
address="Berlin, Heidelberg",
pages="262--285"
}

@article{posp3spacemint,
  added-at = {2018-08-14T00:00:00.000+0200},
  author = {Park, Sunoo and Pietrzak, Krzysztof and Kwon, Albert and Alwen, Joël and Fuchsbauer, Georg and Gazi, Peter},
  biburl = {https://www.bibsonomy.org/bibtex/24ce8290e7680d92f7ef544005f0c95e4/dblp},
  ee = {http://eprint.iacr.org/2015/528},
  interhash = {429843a95efc969c6ca9cbabe9861174},
  intrahash = {4ce8290e7680d92f7ef544005f0c95e4},
  journal = {IACR Cryptology ePrint Archive},
  keywords = {dblp},
  pages = 528,
  timestamp = {2018-08-15T11:53:36.000+0200},
  title = {Spacemint: A Cryptocurrency Based on Proofs of Space.},
  url = {http://dblp.uni-trier.de/db/journals/iacr/iacr2015.html#ParkPAFG15},
  volume = 2015,
  year = 2015
}

@misc{pos2,
    author       = {Phil Daian and
		    Rafael Pass and
		    Elaine Shi},
    title        = {Snow White: Robustly Reconfigurable Consensus and Applications to Provably Secure Proof of Stake},
    howpublished = {Cryptology ePrint Archive, Report 2016/919},
    year         = {2016},
    note         = {\url{https://ia.cr/2016/919}},
}

@misc{satoshibitcoin,
  added-at = {2014-04-17T08:33:06.000+0200},
  author = {Nakamoto, Satoshi},
  biburl = {https://www.bibsonomy.org/bibtex/23db66df0fc9fa2b5033f096a901f1c36/ngnn},
  interhash = {423c2cdff70ba0cd0bca55ebb164d770},
  intrahash = {3db66df0fc9fa2b5033f096a901f1c36},
  keywords = {imported},
  timestamp = {2014-04-17T08:33:06.000+0200},
  title = {Bitcoin: A peer-to-peer electronic cash system},
  url = {http://www.bitcoin.org/bitcoin.pdf},
  year = 2009
}

@INPROCEEDINGS{bitcoin1,
  author={Kaushal, Puneet Kumar and Bagga, Amandeep and Sobti, Rajeev},
  booktitle={2017 International Conference on Computer, Communications and Electronics (Comptelix)}, 
  title={Evolution of bitcoin and security risk in bitcoin wallets}, 
  year={2017},
  volume={},
  number={},
  pages={172-177},
  doi={10.1109/COMPTELIX.2017.8003959}}

@misc{Coingecko,
  TITLE  = "{Coingecko}",
  howpublished    = "[\url{https://www.coingecko.com/en}, 20.10.2021]"
}

@article{bitcoin-tps,
  title={How many transactions per second can bitcoin really handle? Theoretically.},
  author={Georgiadis, Evangelos},
  journal={IACR Cryptol. ePrint Arch.},
  volume={2019},
  pages={416},
  year={2019}
}

% Hydra-menetelmä, jolla Cardano olettaa skaalaavan TPS:n satoihin tuhansiin sekunnissa hyödyntämällä side chain (layer-2)
% teknologiaa https://eprint.iacr.org/2020/299.pdf
@article{cardano-hydra,
  title={Hydra: Fast Isomorphic State Channels},
  author={Manuel M. T. Chakravarty and Sandro Coretti and Matthias Fitzi and Peter Gazi and Philipp Kant and Aggelos Kiayias and Alexander Russell},
  journal={IACR Cryptol. ePrint Arch.},
  year={2020},
  volume={2020},
  pages={299}
}

% Ouroboroksen TPS ja muut Cardanon käyttämän konsensusmekanismin sisältämät perusperiaatteet
% https://eprint.iacr.org/2016/889.pdf
@inproceedings{cardano-tps,
author = {Kiayias, Aggelos and Russell, Alexander and David, Bernardo and Oliynykov, Roman},
year = {2017},
month = {07},
pages = {357-388},
title = {Ouroboros: A Provably Secure Proof-of-Stake Blockchain Protocol},
isbn = {978-3-319-63687-0},
doi = {10.1007/978-3-319-63688-7_12}
}

% Bram Cohenin haastattelu Chiaan liittyen
@misc{bram-cohen-interview,
  TITLE  = "{Chia – A New Cryptocurrency Launching Soon, Built by Bram Cohen, Founder of BitTorrent}",
  howpublished    = "[\url{https://modern.finance/episode/chia-a-new-cryptocurrency-launching-soon-built-by-bram-cohen-founder-of-bittorrent/}, 17.3.2021]"
}

% Chian TPS dust stormin aikana
@misc{chia-tps,
  TITLE  = "{Chia Transaction spam knocks weaker nodes offline}",
  howpublished    = "[\url{https://thechiaplot.net/2021/10/31/chia-transaction-spam-knocks-weaker-nodes-offline/}, 31.10.2021]"
}

% Chian tekemät arviot siitä, millaisia laitteita käyttäjät tulisivat louhintaan käyttämään ja vertailuja siitä, miten PoW ja Chia eroaa louhinnassa toisistaan
% https://www.chia.net/2021/10/20/mining-vs-farming.en.html
@misc{chia-mining,
  TITLE  = "{Mining vs. Farming, the Data Behind Being Green}",
  howpublished    = "[\url{https://www.chia.net/2021/10/20/mining-vs-farming.en.html}, 10.12.2021]"
}

% Bitcoinin elektronisen jätteen ongelmat, laitteiston lifespan yms.
% https://www.researchgate.net/publication/349338197_Quantifying_the_Carbon_Footprint_of_the_Cryptocurrency_Mining_Industry
@phdthesis{btc-carbon-ewaste,
author = {De Loose, Lukas},
year = {2020},
month = {07},
pages = {},
title = {Quantifying the Carbon Footprint of the Cryptocurrency Mining Industry},
doi = {10.13140/RG.2.2.15821.36325}
}

% Suomen elektronisen jätteen tilastot
% https://globalewaste.org/statistics/country/finland/2019/
@misc{ewaste-finland,
  TITLE  = "{globalewaste.com}",
  howpublished    = "[\url{https://globalewaste.org/statistics/country/finland/2019/}, 11.12.2021]"
}

% Suomen hiilidioksidipäästöt vuodessa
% https://ourworldindata.org/co2/country/finland
@misc{carbon-finland,
  TITLE  = "{Finland: CO2 Country Profile}",
  howpublished    = "[\url{https://ourworldindata.org/co2/country/finland}, 11.12.2021]"
}

% Lohkoketjujen hajautuneisuuden vertailutaulukko
% https://arxiv.org/abs/1905.05158
@misc{decentr-impossibility,
      title={Impossibility of Full Decentralization in Permissionless Blockchains}, 
      author={Yujin Kwon and Jian Liu and Minjeong Kim and Dawn Song and Yongdae Kim},
      year={2019},
      eprint={1905.05158},
      archivePrefix={arXiv},
      primaryClass={cs.CR}
}

% Cardanon delegaattoreiden (solmujen) määrä ja osakasaltaiden määrä
% https://adastat.net/pools
@misc{cardano-staking-pools,
  TITLE  = "{Cardano (ADA) Blockchain Explorer And Pool Statistics}",
  howpublished    = "[\url{https://adastat.net/pools}, 12.12.2021]"
}

% Bitcoinin louhinta-altaiden määrät
% https://btc.com/stats/pool
@misc{btc-pool-stats,
  TITLE  = "{Pool Stats - BTC.com}",
  howpublished    = "[\url{https://btc.com/stats/pool}, 12.12.2021]"
}

% Hajautuneisuuden vertailua Steemin ja Bitcoinin välillä
% https://arxiv.org/abs/2002.02082
@misc{decentr-comparison-steem-pow,
      title={Comparison of Decentralization in DPoS and PoW Blockchains}, 
      author={Chao Li and Balaji Palanisamy},
      year={2021},
      eprint={2002.02082},
      archivePrefix={arXiv},
      primaryClass={cs.CR}
}


% Bitcoinin louhijoiden ja louhinta-altaiden määrä
% https://miningpoolstats.stream/bitcoin
@misc{btc-pool-stats-miner-count,
  TITLE  = "{miningpoolstats.com - Bitcoin (BTC) SHA-256 | Mining Pools}",
  howpublished    = "[\url{https://miningpoolstats.stream/bitcoin}, 12.12.2021]"
}

% Chian louhijoiden ja louhinta-altaiden määrä
% https://miningpoolstats.stream/chia
@misc{chia-pool-stats,
  TITLE  = "{miningpoolstats.com - Chia (XCH) PoST | Mining Pools}",
  howpublished    = "[\url{https://miningpoolstats.stream/chia}, 12.12.2021]"
}